<?xml version="1.0" encoding="utf-8"?>
<record xmlns="http://www.loc.gov/MARC21/slim" xmlns:xsi="http://www.w3.org/2001/XMLSchema-instance" xsi:schemaLocation="http://www.loc.gov/MARC21/slim http://www.loc.gov/standards/marcxml/schema/MARC21slim.xsd">
	<leader>     nam a22     Mi 4500</leader>
	<controlfield tag="001">7015095</controlfield>
	<controlfield tag="003">NjP</controlfield>
	<controlfield tag="006">m        d        </controlfield>
	<controlfield tag="007">cr cn |||m|||a</controlfield>
	<controlfield tag="008">210405s1872    ua      o     000 0 ara d</controlfield>
	<datafield ind1=" " ind2=" " tag="040">
		<subfield code="a">ZYU</subfield>
		<subfield code="b">ara</subfield>
		<subfield code="e">rda</subfield>
		<subfield code="c">ZYU</subfield>
	</datafield>
	<datafield ind1=" " ind2="4" tag="050">
		<subfield code="a">BP189.4</subfield>
		<subfield code="b">.M28 1872</subfield>
	</datafield>
	<datafield ind1="1" ind2=" " tag="100">
		<subfield code="6">880-01</subfield>
		<subfield code="a">Mawlawī, Yūsuf ibn Aḥmad.</subfield>
	</datafield>
	<datafield ind1="1" ind2="0" tag="245">
		<subfield code="6">880-02</subfield>
		<subfield code="a">Sharḥ al-Mathnawī al-musmā bi-al-manhaj al-qawī /</subfield>
		<subfield code="c">taʼlīf Yūsuf bin Aḥmad al-Mawlawī.</subfield>
	</datafield>
	<datafield ind1=" " ind2=" " tag="260">
		<subfield code="6">880-03</subfield>
		<subfield code="a">[Miṣr] :</subfield>
		<subfield code="b">[al-Maṭbaʻah al-Wahbīyah],</subfield>
		<subfield code="c">[1872]</subfield>
	</datafield>
	<datafield ind1=" " ind2=" " tag="300">
		<subfield code="a">online resource (6 volumes)</subfield>
	</datafield>
	<datafield ind1=" " ind2=" " tag="336">
		<subfield code="a">text</subfield>
		<subfield code="2">rdacontent</subfield>
	</datafield>
	<datafield ind1=" " ind2=" " tag="337">
		<subfield code="a">computer</subfield>
		<subfield code="2">rdamedia</subfield>
	</datafield>
	<datafield ind1=" " ind2=" " tag="338">
		<subfield code="a">online resource</subfield>
		<subfield code="2">rdacarrier</subfield>
	</datafield>
	<datafield ind1=" " ind2=" " tag="500">
		<subfield code="a">Part of the Arabic Collections Online (ACO) project, contributed by Princeton University Libraries.</subfield>
	</datafield>
	<datafield ind1=" " ind2=" " tag="533">
		<subfield code="a">Electronic reproduction.</subfield>
		<subfield code="b">New York, N.Y. :</subfield>
		<subfield code="c">New York University,</subfield>
		<subfield code="d">2021.</subfield>
		<subfield code="5">NNU</subfield>
	</datafield>
	<datafield ind1="0" ind2="0" tag="600">
		<subfield code="6">880-04</subfield>
		<subfield code="a">Jalāl al-Dīn Rūmī,</subfield>
		<subfield code="c">Maulana,</subfield>
		<subfield code="d">1207-1273.</subfield>
		<subfield code="t">Mas̲navī.</subfield>
	</datafield>
	<datafield ind1=" " ind2="0" tag="650">
		<subfield code="a">Sufism</subfield>
		<subfield code="v">Early works to 1800.</subfield>
	</datafield>
	<datafield ind1="0" ind2="7" tag="630">
		<subfield code="a">Mas̲navī (Jalāl al-Dīn Rūmī, Maulana)</subfield>
		<subfield code="2">fast</subfield>
		<subfield code="0">(OCoLC)fst01362351</subfield>
	</datafield>
	<datafield ind1=" " ind2="7" tag="650">
		<subfield code="a">Sufism.</subfield>
		<subfield code="2">fast</subfield>
		<subfield code="0">(OCoLC)fst01137257</subfield>
	</datafield>
	<datafield ind1=" " ind2="7" tag="655">
		<subfield code="a">Early works.</subfield>
		<subfield code="2">fast</subfield>
		<subfield code="0">(OCoLC)fst01411636</subfield>
	</datafield>
	<datafield ind1="0" ind2=" " tag="700">
		<subfield code="6">880-05</subfield>
		<subfield code="a">Jalāl al-Dīn Rūmī,</subfield>
		<subfield code="c">Maulana,</subfield>
		<subfield code="d">1207-1273.</subfield>
		<subfield code="t">Mas̲navī.</subfield>
	</datafield>
	<datafield ind1="2" ind2=" " tag="710">
		<subfield code="a">Princeton University.</subfield>
		<subfield code="b">Library.</subfield>
	</datafield>
	<datafield ind1="0" ind2=" " tag="730">
		<subfield code="a">Arabic Collections Online.</subfield>
	</datafield>
	<datafield ind1="0" ind2="8" tag="776">
		<subfield code="i">Print version:</subfield>
		<subfield code="a">Mawlawī, Yūsuf ibn Aḥmad.</subfield>
		<subfield code="t">Sharḥ al-Mathnawī al-musmā bi-al-manhaj al-qawī</subfield>
		<subfield code="w">(NjP)7015095</subfield>
		<subfield code="w">(OCoLC)38196318</subfield>
	</datafield>
	<datafield ind1="4" ind2="0" tag="856">
		<subfield code="u">http://hdl.handle.net/2333.1/0k6djtj1</subfield>
	</datafield>
	<datafield ind1="1" ind2=" " tag="880">
		<subfield code="6">100-01</subfield>
		<subfield code="a">مولوي، يوسف بن أحمد.</subfield>
	</datafield>
	<datafield ind1="1" ind2="0" tag="880">
		<subfield code="6">245-02</subfield>
		<subfield code="a">شرح المثنوي المسمى بالمنهج القوي /</subfield>
		<subfield code="c">تأليف يوسف بن أحمد المولوي.</subfield>
	</datafield>
	<datafield ind1=" " ind2=" " tag="880">
		<subfield code="6">260-03</subfield>
		<subfield code="a">[مصر] :</subfield>
		<subfield code="b">[المطبعة الوهبية]،</subfield>
		<subfield code="c">[1872]</subfield>
	</datafield>
	<datafield ind1="0" ind2="4" tag="880">
		<subfield code="6">600-04</subfield>
		<subfield code="a">جلال الدين رومي،</subfield>
		<subfield code="c">مولانا،,</subfield>
		<subfield code="d">1207-1273.</subfield>
		<subfield code="t">مثنوي.</subfield>
	</datafield>
	<datafield ind1="0" ind2=" " tag="880">
		<subfield code="6">700-05</subfield>
		<subfield code="a">جلال الدين رومي،</subfield>
		<subfield code="c">مولانا،,</subfield>
		<subfield code="d">1207-1273.</subfield>
		<subfield code="t">مثنوي.</subfield>
	</datafield>
	<datafield ind1=" " ind2=" " tag="959">
		<subfield code="a">NNU</subfield>
		<subfield code="b">WEB</subfield>
		<subfield code="c">GENI</subfield>
		<subfield code="t">0</subfield>
		<subfield code="m">Electronic access</subfield>
		<subfield code="s">01</subfield>
	</datafield>
	<datafield ind1=" " ind2=" " tag="999">
		<subfield code="i">NjP_7015095</subfield>
		<subfield code="o">(OCoLC)ocm38196318</subfield>
		<subfield code="s">princeton_aco004717:juz 1</subfield>
		<subfield code="s">princeton_aco004698:juz 2</subfield>
		<subfield code="s">princeton_aco004680:juz 4</subfield>
		<subfield code="s">princeton_aco004681:juz 5</subfield>
		<subfield code="s">princeton_aco004682:juz 6</subfield>
		<subfield code="s">princeton_aco004717:juz 1</subfield>
		<subfield code="s">princeton_aco004698:juz 2</subfield>
		<subfield code="s">princeton_aco004680:juz 4</subfield>
		<subfield code="s">princeton_aco004681:juz 5</subfield>
		<subfield code="s">princeton_aco004682:juz 6</subfield>
	</datafield>
</record>
